% This file was created with JabRef 2.10b2.
% Encoding: UTF-8


@Article{Arioli2004,
  Title                    = {A stopping criterion for the conjugate gradient algorithm in a finite element method framework},
  Author                   = {Arioli, M.},
  Journal                  = {Numer. Math.},
  Year                     = {2004},
  Pages                    = {1-24},
  Volume                   = {97},

  __markedentry            = {[ignaz:6]},
  Doi                      = {10.1007/s211-03-0500-y},
  Owner                    = {bzflubko},
  Timestamp                = {2014.08.20}
}

@Article{Arioli2013,
  Title                    = {Interplay between discretization and algebraic computation in adaptive numerical solution of elliptic {PDE} problems},
  Author                   = {Arioli, M. and Liesen, J. and Miedlar, A. and Strako\v{s}, Z.},
  Journal                  = {GAMM. Mitt.},
  Year                     = {2013},
  Number                   = {1},
  Pages                    = {102-129},
  Volume                   = {36},

  __markedentry            = {[ignaz:6]},
  Owner                    = {ignaz},
  Timestamp                = {2014.08.16}
}

@Book{Deuflhard2004,
  Title                    = {Newton Methods for Nonlinear Problems: Affine Invariance and Adaptive Algorithms},
  Author                   = {Deuflhard, P.},
  Publisher                = {Springer},
  Year                     = {2004},

  __markedentry            = {[ignaz:6]},
  Owner                    = {bzflubko},
  Timestamp                = {2012.01.31}
}

@Article{Hestenes1952,
  Title                    = {Methods of conjugate of gradients for solving linear Systems},
  Author                   = {Hestenes, M. R. and Stiefel, E.},
  Journal                  = {J. Res. Nat. Bur. Standards},
  Year                     = {1952},
  Pages                    = {409-436},
  Volume                   = {49},

  __markedentry            = {[ignaz:6]},
  Owner                    = {ignaz},
  Timestamp                = {2013.12.20}
}

@Book{Liesen2013,
  Title                    = {Krylov Subspace Methods: Principles and Analysis},
  Author                   = {Liesen, J. and Strako\v{s}, Z.},
  Editor                   = {Stuart, A. M. and S\"uli, E.},
  Publisher                = {Oxford University Press},
  Year                     = {2013},

  __markedentry            = {[ignaz:6]},
  Owner                    = {ignaz},
  Timestamp                = {2013.12.20}
}

@PhdThesis{Lubkoll2015,
  Title                    = {An {O}ptimal {C}ontrol {A}pproach to {I}mplant {S}hape {D}esign. {M}odeling, {A}nalysis and {N}umerics.},
  Author                   = {L. Lubkoll},
  School                   = {Universit\"{a}t Bayreuth},
  Year                     = {2015},

  __markedentry            = {[ignaz:6]},
  Owner                    = {ignaz},
  Timestamp                = {2015.08.29}
}

@Article{Lubkoll2015a,
  Title                    = {An affine covariant composite step method for optimization with {PDE}s as equality constraints},
  Author                   = {Lubkoll, L. and Schiela, A. and Weiser, M.},
  Journal                  = {Preprint},
  Year                     = {2015},

  __markedentry            = {[ignaz:6]},
  Owner                    = {ignaz},
  Timestamp                = {2014.12.18}
}

@Article{Strakos2005,
  Title                    = {On numerical stability in large scale linear algebraic computations},
  Author                   = {Strako\v{s}, Z. and Liesen, J.},
  Journal                  = {Z. Angew. Math. Mech.},
  Year                     = {2005},
  Number                   = {5},
  Pages                    = {307-325},
  Volume                   = {85},

  __markedentry            = {[ignaz:6]},
  Doi                      = {10.1002/zamm.200410185},
  Owner                    = {ignaz},
  Timestamp                = {2014.08.16}
}

@Article{Strakos2005a,
  Title                    = {Error Estimation in Preconditioned Conjugate Gradients},
  Author                   = {Strako\v{s}, Z. and Tich\'y, P.},
  Journal                  = {BIT Numer. Math.},
  Year                     = {2005},
  Number                   = {4},
  Pages                    = {789-817},
  Volume                   = {45},

  __markedentry            = {[ignaz:6]},
  Doi                      = {10.1007/s10543-005-0032-1},
  ISSN                     = {0006-3835},
  Keywords                 = {preconditioned conjugate gradient method; error bounds; stopping criteria; evaluation of convergence; numerical stability; finite precision arithmetic; rounding errors},
  Language                 = {English},
  Owner                    = {ignaz},
  Publisher                = {Springer-Verlag},
  Timestamp                = {2014.07.20}
}

